@misc{whitePaper,
title={Tezos: A Self-Amending Crypto-Ledger. White paper},
  author={{\relax L.M} Goodman},
  howpublished = "\url{https://tezos.com/static/white_paper-2dc8c02267a8fb86bd67a108199441bf.pdf}",
  month={September},
  year={2014}
}

@misc{michelsonwhitedoc,
  title={{\relax Michelson: the language of Smart Contracts in Tezos}.},
  howpublished = {\url{http://tezos.gitlab.io/mainnet/whitedoc/michelson.html}},
  note = {Accessed: 2019-06-04}
}